<?xml version="1.0" encoding="UTF-8"?><record xmlns="http://www.loc.gov/MARC21/slim" xmlns:cinclude="http://apache.org/cocoon/include/1.0" xmlns:zs="http://www.loc.gov/zing/srw/">
  <leader>00454cz  a2200133n  4500</leader>
  <controlfield tag="001">n  89617772 </controlfield>
  <controlfield tag="003">DLC</controlfield>
  <controlfield tag="005">20000920145505.0</controlfield>
  <controlfield tag="008">890324n| acannaab           |n aaa      </controlfield>
  <datafield tag="010" ind1=" " ind2=" ">
    <subfield code="a">n  89617772 </subfield>
  </datafield>
  <datafield tag="040" ind1=" " ind2=" ">
    <subfield code="a">DLC</subfield>
    <subfield code="c">DLC</subfield>
    <subfield code="d">DLC</subfield>
  </datafield>
  <datafield tag="053" ind1=" " ind2="0">
    <subfield code="a">PG1419.12.E28</subfield>
  </datafield>
  <datafield tag="100" ind1="1" ind2="0">
    <subfield code="a">Bećirbašić, Mirsad,</subfield>
    <subfield code="d">1952-</subfield>
  </datafield>
  <datafield tag="670" ind1=" " ind2=" ">
    <subfield code="a">nuc79-29615: Author's Izabrane priče stanovnika Perućice, 1985</subfield>
    <subfield code="b">(hdg. on MH rept.: Bećirbašic, Mirsad, 1952- ; usage: Mirsad Bećirbašić)</subfield>
  </datafield>
</record>